<?xml version="1.0" encoding="UTF-8"?><record xmlns="http://www.loc.gov/MARC21/slim" xmlns:cinclude="http://apache.org/cocoon/include/1.0" xmlns:zs="http://www.loc.gov/zing/srw/">
  <leader>00779cz  a2200169n  4500</leader>
  <controlfield tag="001">no2007070489</controlfield>
  <controlfield tag="003">DLC</controlfield>
  <controlfield tag="005">20100820075102.0</controlfield>
  <controlfield tag="008">070622n| acannaabn          |a aaa     c</controlfield>
  <datafield tag="010" ind1=" " ind2=" ">
    <subfield code="a">no2007070489</subfield>
  </datafield>
  <datafield tag="035" ind1=" " ind2=" ">
    <subfield code="a">(OCoLC)oca07446352</subfield>
  </datafield>
  <datafield tag="040" ind1=" " ind2=" ">
    <subfield code="a">MX-QtUAQ</subfield>
    <subfield code="b">eng</subfield>
    <subfield code="c">MX-QtUAQ</subfield>
    <subfield code="d">DLC</subfield>
  </datafield>
  <datafield tag="100" ind1="1" ind2=" ">
    <subfield code="a">Saavedra López, Jorge A.</subfield>
  </datafield>
  <datafield tag="400" ind1="1" ind2=" ">
    <subfield code="a">López, Jorge A. Saavedra</subfield>
  </datafield>
  <datafield tag="400" ind1="1" ind2=" ">
    <subfield code="a">Saavedra, Jorge</subfield>
    <subfield code="q">(Jorge A. Saavedra López)</subfield>
  </datafield>
  <datafield tag="670" ind1=" " ind2=" ">
    <subfield code="a">Costo y gastos en atención médica del sida en México, 1998:</subfield>
    <subfield code="b">t.p. (Jorge A. Saavedra López) p. 10, etc. (Jorge Saavedra; master's in public health and master's in health administration and policy, both from Harvard; dir. of coordination, CONASIDA)</subfield>
  </datafield>
  <datafield tag="670" ind1=" " ind2=" ">
    <subfield code="a">La respuesta mexicana al sida, 2000:</subfield>
    <subfield code="b">p. 3 (consejo editorial Jorge Saavedra López)</subfield>
  </datafield>
</record>